<record><leader>00000cas a2200000 a 4500</leader><controlfield tag="001">35803134</controlfield><controlfield tag="008">961028d196u1998caucr ne      0    0eng c</controlfield><datafield ind1=" " ind2=" " tag="010"><subfield code="a">sn 96061174 </subfield></datafield><datafield ind1=" " ind2=" " tag="040"><subfield code="a">CNK</subfield><subfield code="b">eng</subfield><subfield code="c">CNK</subfield><subfield code="d">OCLCQ</subfield><subfield code="d">CNK</subfield><subfield code="d">OCLCQ</subfield><subfield code="d">OCLCF</subfield><subfield code="d">OCLCO</subfield></datafield><datafield ind1="1" ind2=" " tag="029"><subfield code="a">AU@</subfield><subfield code="b">000012910927</subfield></datafield><datafield ind1=" " ind2=" " tag="042"><subfield code="a">pcc</subfield></datafield><datafield ind1=" " ind2=" " tag="043"><subfield code="a">n-us-ca</subfield></datafield><datafield ind1="0" ind2="0" tag="245"><subfield code="a">Foster City progress.</subfield></datafield><datafield ind1=" " ind2=" " tag="260"><subfield code="a">Foster City, Calif. :</subfield><subfield code="b">Foster City Pub. Co.</subfield></datafield><datafield ind1=" " ind2=" " tag="300"><subfield code="a">v.</subfield></datafield><datafield ind1=" " ind2=" " tag="310"><subfield code="a">Semiweekly,</subfield><subfield code="b">Nov. 23, 1996-Aug. 22, 1998</subfield></datafield><datafield ind1=" " ind2=" " tag="321"><subfield code="a">Weekly,</subfield><subfield code="b">&lt;Mar. 16, 1966&gt;-Nov. 20, 1996</subfield></datafield><datafield ind1="0" ind2=" " tag="362"><subfield code="a">-32nd year, no. 67 (Aug. 22, 1998).</subfield></datafield><datafield ind1=" " ind2=" " tag="500"><subfield code="a">Published at Burlingame, Calif., Apr. 5, 1989-Aug. 22, 1998.</subfield></datafield><datafield ind1=" " ind2=" " tag="530"><subfield code="a">Master negatives are available for duplication from:</subfield><subfield code="b">California Newspaper Microfilm Archive;</subfield><subfield code="c">positive copies may be purchased by the reel; for further information consult the CNMA at:</subfield><subfield code="u">http://cbsr.ucr.edu</subfield></datafield><datafield ind1=" " ind2=" " tag="588"><subfield code="a">Description based on: Vol. 1, no. 23 (Mar. 16, 1966).</subfield></datafield><datafield ind1=" " ind2="0" tag="651"><subfield code="a">Foster City (Calif.)</subfield><subfield code="v">Newspapers.</subfield></datafield><datafield ind1=" " ind2="7" tag="655"><subfield code="a">Newspapers.</subfield><subfield code="2">fast</subfield><subfield code="0">(OCoLC)fst01423814</subfield></datafield><datafield ind1=" " ind2="7" tag="651"><subfield code="a">California</subfield><subfield code="z">Foster City.</subfield><subfield code="2">fast</subfield><subfield code="0">(OCoLC)fst01214372</subfield></datafield><datafield ind1=" " ind2=" " tag="752"><subfield code="a">United States</subfield><subfield code="b">California</subfield><subfield code="c">San Mateo</subfield><subfield code="d">Burlingame.</subfield></datafield><datafield ind1=" " ind2=" " tag="752"><subfield code="a">United States</subfield><subfield code="b">California</subfield><subfield code="c">San Mateo</subfield><subfield code="d">Foster City.</subfield></datafield><datafield ind1="0" ind2="0" tag="785"><subfield code="t">Independent (Burlingame, Calif.)</subfield><subfield code="w">(DLC)sn2010271087</subfield></datafield></record>